<marcxml:record xmlns:xlink="http://www.w3.org/1999/xlink" xmlns:marcxml="http://www.loc.gov/MARC21/slim" xmlns:rdf="http://www.w3.org/1999/02/22-rdf-syntax-ns#" xmlns:madsrdf="http://www.loc.gov/mads/rdf/v1#" xmlns:ri="http://id.loc.gov/ontologies/RecordInfo#" xmlns:xsi="http://www.w3.org/2001/XMLSchema-instance" xmlns:idx="info:lc/xq-modules/lcindex" xmlns:semtriples="http://marklogic.com/semantic" xmlns:mets="http://www.loc.gov/METS/" xmlns:streams="info:lc/streams#">
            <marcxml:leader>01095cz  a2200253n  4500</marcxml:leader>
            <marcxml:controlfield tag="001">n80103764</marcxml:controlfield>
            <marcxml:controlfield tag="003">DLC</marcxml:controlfield>
            <marcxml:controlfield tag="005">20170901073909.0</marcxml:controlfield>
            <marcxml:controlfield tag="008">801114n| azannaabn          |a aaa      </marcxml:controlfield>
            <marcxml:datafield tag="010" ind1=" " ind2=" ">
              <marcxml:subfield code="a">n  80103764 </marcxml:subfield>
            </marcxml:datafield>
            <marcxml:datafield tag="035" ind1=" " ind2=" ">
              <marcxml:subfield code="a">(OCoLC)oca00484627</marcxml:subfield>
            </marcxml:datafield>
            <marcxml:datafield tag="040" ind1=" " ind2=" ">
              <marcxml:subfield code="a">DLC</marcxml:subfield>
              <marcxml:subfield code="b">eng</marcxml:subfield>
              <marcxml:subfield code="e">rda</marcxml:subfield>
              <marcxml:subfield code="c">DLC</marcxml:subfield>
              <marcxml:subfield code="d">OCoLC</marcxml:subfield>
              <marcxml:subfield code="d">IEN</marcxml:subfield>
            </marcxml:datafield>
            <marcxml:datafield tag="046" ind1=" " ind2=" ">
              <marcxml:subfield code="f">1869-11-11</marcxml:subfield>
              <marcxml:subfield code="g">1947-12-28</marcxml:subfield>
              <marcxml:subfield code="2">edtf</marcxml:subfield>
            </marcxml:datafield>
            <marcxml:datafield tag="100" ind1="0" ind2=" ">
              <marcxml:subfield code="a">Victor Emmanuel</marcxml:subfield>
              <marcxml:subfield code="b">III,</marcxml:subfield>
              <marcxml:subfield code="c">King of Italy,</marcxml:subfield>
              <marcxml:subfield code="d">1869-1947</marcxml:subfield>
            </marcxml:datafield>
            <marcxml:datafield tag="370" ind1=" " ind2=" ">
              <marcxml:subfield code="a">Naples (Italy)</marcxml:subfield>
              <marcxml:subfield code="b">Alexandria (Egypt)</marcxml:subfield>
              <marcxml:subfield code="c">Italy</marcxml:subfield>
              <marcxml:subfield code="2">naf</marcxml:subfield>
            </marcxml:datafield>
            <marcxml:datafield tag="374" ind1=" " ind2=" ">
              <marcxml:subfield code="a">Italy--Kings and rulers</marcxml:subfield>
              <marcxml:subfield code="2">lcsh</marcxml:subfield>
            </marcxml:datafield>
            <marcxml:datafield tag="375" ind1=" " ind2=" ">
              <marcxml:subfield code="a">male</marcxml:subfield>
            </marcxml:datafield>
            <marcxml:datafield tag="377" ind1=" " ind2=" ">
              <marcxml:subfield code="a">ita</marcxml:subfield>
            </marcxml:datafield>
            <marcxml:datafield tag="400" ind1="0" ind2=" ">
              <marcxml:subfield code="a">Viktor Emanueli</marcxml:subfield>
              <marcxml:subfield code="b">III,</marcxml:subfield>
              <marcxml:subfield code="c">King of Italy,</marcxml:subfield>
              <marcxml:subfield code="d">1869-1947</marcxml:subfield>
            </marcxml:datafield>
            <marcxml:datafield tag="400" ind1="0" ind2=" ">
              <marcxml:subfield code="w">nna</marcxml:subfield>
              <marcxml:subfield code="a">Vittorio Emanuele</marcxml:subfield>
              <marcxml:subfield code="b">III,</marcxml:subfield>
              <marcxml:subfield code="c">King of Italy,</marcxml:subfield>
              <marcxml:subfield code="d">1869-1947</marcxml:subfield>
            </marcxml:datafield>
            <marcxml:datafield tag="510" ind1="1" ind2=" ">
              <marcxml:subfield code="a">Italy.</marcxml:subfield>
              <marcxml:subfield code="b">Sovereign (1900-1946 : Victor Emmanuel III)</marcxml:subfield>
            </marcxml:datafield>
            <marcxml:datafield tag="670" ind1=" " ind2=" ">
              <marcxml:subfield code="a">Wikipedia, Aug. 30, 2017</marcxml:subfield>
              <marcxml:subfield code="b">(Victor Emmanuel III of Italy; Italian: Vittorio Emanuele III; Albanian: Viktor Emanueli III; born 11 November 1869, Naples, Kingdom of Italy; died 28 December 1947, Alexandria, Kingdom of Egypt; King of Italy 1900-1946, Emperor of Ethiopia 1936-1941, King of the Albanians 1939-1943)</marcxml:subfield>
            </marcxml:datafield>
          </marcxml:record>
